<?xml version="1.0" encoding="UTF-8"?><collection xmlns="http://www.loc.gov/MARC21/slim"><record><leader>00354nam--2200133-i-4500</leader><controlfield tag="001">000009865</controlfield><controlfield tag="002">20161230</controlfield><controlfield tag="005">20161230201028</controlfield><controlfield tag="008">060222s1000------------r-----000-0-eng-d</controlfield><datafield ind1=" " ind2=" " tag="100"><subfield code="a">Declaris, N</subfield></datafield><datafield ind1=" " ind2=" " tag="260"><subfield code="a">Aspects Of Network And System Theory</subfield></datafield><datafield ind1=" " ind2=" " tag="490"><subfield code="a">New York, Holt, Reinehart And Winston, 1971 Xxiii + 647 P</subfield></datafield><datafield ind1=" " ind2=" " tag="700"><subfield code="a">Kalman, R</subfield></datafield><datafield ind1=" " ind2=" " tag="852"><subfield code="a">621.372</subfield></datafield></record></collection>